@ARTICLE{BrPi2005,
    author = {Брагилевский, Виталий Николаевич and Пилиди, Владимир Ставрович},
    title = {Аналог теоремы И. Б. Симоненко об огибающем операторе для операторов в пространствах векторнозначных функций},
    year = {2005},
    pages = {3-8},
    number = {4},
    journal = {Изв. вузов. Сев.-Кав. регион. Естеств. науки.} 
}

@MVBOOK{Lvo2003,
    author = {Львовский, Сергей Михайлович},
    title = {Набор и вёрстка в системе \LaTeX},
    year = {2006}, 
    language = {russian},
    publisher = {МЦНМО},
    location = {М.},
    hyphenation = {russian},
    url = {http://www.mccme.ru/free-books/llang/newllang.pdf}
}

@MVBOOK{TanAus2013,
    author = {Таненбаум, Эндрю and Остин, Тодд},
    title = {Архитектура компьютера},
    edition = {6-е изд},
    year = {2013}, 
    language = {russian},
    publisher = {Питер},
    location = {СПб.},
    hyphenation = {russian}
}

@ONLINE{ombea,
    title = {OMBEA | Actionable insights in real-time},
    language = {english},
    hyphenation = {english},
    url = {http://www.ombea.com/},
    urldate = {2019-03-20}
}

@ONLINE{nea,
	title = {NEA - Clickers and Classroom Dynamics},
	language = {english},
	hyphenation = {english},
	url = {http://www.nea.org/home/34690.htm},
	urldate = {2019-03-20}
}

@ONLINE{wiki,
	title = {Comparison of web frameworks - Wikipedia},
	language = {english},
	hyphenation = {english},
	url = {https://en.wikipedia.org/wiki/Comparison_of_web_frameworks},
	urldate = {2019-03-22}
}

@ONLINE{django,
	title = {The Web framework for perfectionists with deadlines | Django},
	language = {english},
	hyphenation = {english},
	url = {https://www.djangoproject.com/},
	urldate = {2019-03-22}
}

@ONLINE{ruby,
	title = {Ruby on Rails | A web-application framework},
	language = {english},
	hyphenation = {english},
	url = {https://rubyonrails.org/},
	urldate = {2019-03-22}
}

@ONLINE{express,
	title = {Express - фреймворк веб-приложений Node.js},
	language = {russian},
	hyphenation = {russian},
	url = {https://expressjs.com/ru/},
	urldate = {2019-03-22}
}

@InProceedings{Kai14,
	author = {Lei, Kai and Ma, Yining and Tan, Zhi},
	title = {Performance Comparison and Evaluation of Web Development Technologies in PHP, Python and Node,js},
	booktitle = {Computational Science and Engineering (CSE), IEEE},
	pages = {661-668},
	year = {2014},
}

@ARTICLE{Krill07,
	author = {Krill, Paul},
	title = {AJAX alliance recognizes mashups},
	year = {2007},
	journal = {InfoWorld} 
}

@ONLINE{vue,
	title = {Comparison with Other Frameworks — Vue.js},
	language = {english},
	hyphenation = {english},
	url = {https://vuejs.org/v2/guide/comparison.html},
	urldate = {2019-03-24}
}

@ONLINE{vue2,
	title = {Vue.js Server-Side Rendering Guide | Vue SSR Guide},
	language = {english},
	hyphenation = {english},
	url = {https://ssr.vuejs.org/#what-is-server-side-rendering-ssr},
	urldate = {2019-03-24}
}

@ONLINE{npm,
	title = {express-generator  —  npm},
	language = {english},
	hyphenation = {english},
	url = {https://www.npmjs.com/package/express-generator},
	urldate = {2019-03-24}
}

@ONLINE{express-ws,
	title = {express-ws  —  npm},
	language = {english},
	hyphenation = {english},
	url = {https://www.npmjs.com/package/express-ws},
	urldate = {2019-03-25}
}

@ONLINE{debounce,
	title = {debounce  —  npm},
	language = {english},
	hyphenation = {english},
	url = {https://www.npmjs.com/package/debounce},
	urldate = {2019-03-30}
}

@ONLINE{pug,
	title = {Interpolation – Pug},
	language = {english},
	hyphenation = {english},
	url = {https://pugjs.org/language/interpolation.html},
	urldate = {2019-04-02}
}
